=LDR  01030cam a2200313   4500
=001  5254678
=005  20110323160652.0
=008  720204s1965\\\\nyu\\\\\\\\\\\000\0\fre\d
=035  \\$a(OCoLC)ocn687137789
=035  \\$9PAE6361YL
=035  \\$a5254678
=040  \\$aHEI$cHEI$dYUS
=049  \\$aYUSC
=079  \\$aocm00234121
=090  \\$aPS1306$b.A1 1965
=100  1\$aTwain, Mark,$d1835-1910.
=245  14$aThe adventures of Tom Sawyer.
=260  \\$aNew York,$bHarper & Row$c[1965]
=504  \\$aBibliography: p. 211-212.
=901  \\$aPS1306
=901  \\$aPS1306
=901  \\$aPS1306
=902  \\$aBass Library$bBass Library, Stacks >>  PS1306 A1 1965|DELIM|5700728
=902  \\$aLibrary Shelving Facility (LSF)$bLSF - Request for delivery to any Yale Library >>  PS1306 A1 1965|DELIM|5700729
=902  \\$aLibrary Shelving Facility (LSF)$bLSF - Request for delivery to any Yale Library >>  PS1306 A1 1965|DELIM|5700730
=907  \\$a2002-06-01T00:00:00.000Z
=927  \\$a9409R 
=928  \\$aAC031197
=948  \\$aOCLC Recon

