=LDR  00931cas a2200265 i 4500
=001  13044680
=005  20170228170800.0
=008  170131s9999||||enka\\\j\\\\\\000\1\eng\c
=020  \\$a9781473312760
=035  \\$a13044680
=040  \\$aCty$beng$erda$cCtY
=050  \4$aPR4611$b.A7 2017
=079  \\$aocn973918486
=100  1\$aCarroll, Lewis,$d1832-1898,$eauthor.
=245  14$aThe Adventures of Alice in Wonderland /$cLewis Carroll ; illustrated by Thomas Maybank.
=260  \\$a[England] :$bPook Press,$c[2017]
=300  \\$a63 pages :$billustrations ;$c22 cm
=600  00$aAlice$c(Fictitious character from Carroll)
=650  \0$aChildren's stories.
=650  \0$aChildren's stories.
=650  \0$aFantasy fiction, English.
=700  1\$aMaybank, Thomas,$eillustrator.
=901  \\$aPR4611
=902  \\$aSterling Memorial Library$bSML, Stacks, LC Classification >>  PR4611 .A7 2017|DELIM|13127187
=907  \\$a2017-02-06T10:29:48.000Z

